

@book{Carrol1992a,

        author =        "L. Carroll and D. J. Gray",

        title =         "Alice in Wonderland: Authoritative Texts of Alice's

                        Adventures in Wonderland, Through the Looking-Glass,

                        The Hunting of the Snark; Backgrounds; Essays in

                        Criticism",

        publisher =     "W. W. Norton",

        year =          "1992",

        address =       "New York",

        edition =       "2nd",

        wibble  =       "wibble it a little bit"

}

@article{Jones2010,
	author = "Jones, I.",
 	title = "New kinds of red ink",
	journal = "Inky Journal of Pigments",
	volume = 336,
	number = 4,
	pages = "55--58",
	month = "March",
	year = 2010
}

